101 12400297111234567892106222214A094101WELLS FARGO BANK NA    LendPro                 000000000
5225LendPro                             1123456789PPDPMT0001202210623210623     1124002970000000
6270311001607777666655554444 000001130019650921       Ron P. McKernan           0124002979650921
6271119042159874456798764567 000013585519650922       Bill Kreutzmann           0124002979650922
6273222700550000999988887777 000004560019650923       Robert Hunter             0124002979650923
6270214091698888777766667777 000013090019650924       Phil Lesh                 0124002979650924
6271250085474444333322221111 000013433419650925       Bob Weir                  0124002979650925
6273222717791111222233334444 000011650019650926       Jerry Garcia              0124002979650926
822500000600744017820000005744890000000000001123456789                           124002970000000
9000001000001000000060074401782000000574489000000000000
